@article{anderson2019,
  title = {Black Swans in Space: Modelling Spatiotemporal Processes with Extremes},
  author = {Anderson, Sean C. and Ward, Eric J.},
  year = {2019},
  volume = {100},
  pages = {e02403},
  doi = {10.1002/ecy.2403},
  journal = {Ecology},
  language = {en},
  number = {1}
}


@article{maureaud2021,
	title = {Are we ready to track climate-driven shifts in marine species across international boundaries? - A global survey of scientific bottom trawl data},
	author = {{Maureaud}, {Aurore A.} and {Frelat}, {Romain} and {Pécuchet}, {Laurène} and {Shackell}, {Nancy} and {Mérigot}, {Bastien} and {Pinsky}, {Malin L.} and {Amador}, {Kofi} and {Anderson}, {Sean C.} and {Arkhipkin}, {Alexander} and {Auber}, {Arnaud} and {Barri}, {Iça} and {Bell}, {Richard J.} and {Belmaker}, {Jonathan} and {Beukhof}, {Esther} and {Camara}, {Mohamed L.} and {Guevara{-}Carrasco}, {Renato} and {Choi}, {Junghwa} and {Christensen}, {Helle T.} and {Conner}, {Jason} and {Cubillos}, {Luis A.} and {Diadhiou}, {Hamet D.} and {Edelist}, {Dori} and {Emblemsvåg}, {Margrete} and {Ernst}, {Billy} and {Fairweather}, {Tracey P.} and {Fock}, {Heino O.} and {Friedland}, {Kevin D.} and {Garcia}, {Camilo B.} and {Gascuel}, {Didier} and {Gislason}, {Henrik} and {Goren}, {Menachem} and {Guitton}, {Jérôme} and {Jouffre}, {Didier} and {Hattab}, {Tarek} and {Hidalgo}, {Manuel} and {Kathena}, {Johannes N.} and {Knuckey}, {Ian} and {Kidé}, {Saïkou O.} and {Koen{-}Alonso}, {Mariano} and {Koopman}, {Matt} and {Kulik}, {Vladimir} and {León}, {Jacqueline Palacios} and {Levitt{-}Barmats}, {Ya{\textquoteright}arit} and {Lindegren}, {Martin} and {Llope}, {Marcos} and {Massiot{-}Granier}, {Félix} and {Masski}, {Hicham} and {McLean}, {Matthew} and {Meissa}, {Beyah} and {Mérillet}, {Laurène} and {Mihneva}, {Vesselina} and {Nunoo}, {Francis K. E.} and {O'Driscoll}, {Richard} and {O'Leary}, {Cecilia A.} and {Petrova}, {Elitsa} and {Ramos}, {Jorge E.} and {Refes}, {Wahid} and {Román{-}Marcote}, {Esther} and {Siegstad}, {Helle} and {Sobrino}, {Ignacio} and {Sólmundsson}, {Jón} and {Sonin}, {Oren} and {Spies}, {Ingrid} and {Steingrund}, {Petur} and {Stephenson}, {Fabrice} and {Stern}, {Nir} and {Tserkova}, {Feriha} and {Tserpes}, {Georges} and {Tzanatos}, {Evangelos} and {Rijn}, {Itai van} and {Zwieten}, {Paul A. M. van} and {Vasilakopoulos}, {Paraskevas} and {Yepsen}, {Daniela V.} and {Ziegler}, {Philippe} and {Thorson}, {James T.}},
	year = {2021},
	date = {2021},
	journal = {Global Change Biology},
	pages = {220--236},
	volume = {27},
	number = {2},
	doi = {https://doi.org/10.1111/gcb.15404},
	url = {https://onlinelibrary.wiley.com/doi/abs/10.1111/gcb.15404},
	note = {{\_}eprint: https://onlinelibrary.wiley.com/doi/pdf/10.1111/gcb.15404},
	langid = {en}
}

@book{anderson2020,
	title = {sdmTMB: Spatiotemporal species distribution GLMMs with 'TMB'},
	author = {{Anderson}, {Sean C.} and {English}, {Philina A.} and {Ward}, {Eric J.}},
	year = {2020},
	date = {2020},
	url = {https://github.com/pbs-assess/sdmTMB},
	note = {R package version 0.0.4.9000}
}

@article{kleijn2015,
	title = {Delivery of crop pollination services is an insufficient argument for wild pollinator conservation},
	author = {{Kleijn}, {David} and {Winfree}, {Rachael} and {Bartomeus}, {Ignasi} and {Carvalheiro}, {Luísa G.} and {Henry}, {Mickaël} and {Isaacs}, {Rufus} and {Klein}, {Alexandra-Maria} and {Kremen}, {Claire} and {M'Gonigle}, {Leithen K.} and {Rader}, {Romina} and {Ricketts}, {Taylor H.} and {Williams}, {Neal M.} and {Lee Adamson}, {Nancy} and {Ascher}, {John S.} and {Báldi}, {András} and {Batáry}, {Péter} and {Benjamin}, {Faye} and {Biesmeijer}, {Jacobus C.} and {Blitzer}, {Eleanor J.} and {Bommarco}, {Riccardo} and {Brand}, {Mariëtte R.} and {Bretagnolle}, {Vincent} and {Button}, {Lindsey} and {Cariveau}, {Daniel P.} and {Chifflet}, {Rémy} and {Colville}, {Jonathan F.} and {Danforth}, {Bryan N.} and {Elle}, {Elizabeth} and {Garratt}, {Michael P. D.} and {Herzog}, {Felix} and {Holzschuh}, {Andrea} and {Howlett}, {Brad G.} and {Jauker}, {Frank} and {Jha}, {Shalene} and {Knop}, {Eva} and {Krewenka}, {Kristin M.} and {Le Féon}, {Violette} and {Mandelik}, {Yael} and {May}, {Emily A.} and {Park}, {Mia G.} and {Pisanty}, {Gideon} and {Reemer}, {Menno} and {Riedinger}, {Verena} and {Rollin}, {Orianne} and {Rundlöf}, {Maj} and {Sardiñas}, {Hillary S.} and {Scheper}, {Jeroen} and {Sciligo}, {Amber R.} and {Smith}, {Henrik G.} and {Steffan-Dewenter}, {Ingolf} and {Thorp}, {Robbin} and {Tscharntke}, {Teja} and {Verhulst}, {Jort} and {Viana}, {Blandina F.} and {Vaissière}, {Bernard E.} and {Veldtman}, {Ruan} and {Ward}, {Kimiora L.} and {Westphal}, {Catrin} and {Potts}, {Simon G.}},
	year = {2015},
	month = {06},
	date = {2015-06-16},
	journal = {Nature Communications},
	pages = {7414},
	volume = {6},
	doi = {10.1038/ncomms8414},
	url = {http://www.nature.com/ncomms/2015/150616/ncomms8414/full/ncomms8414.html},
	langid = {en}
}

@article{thorson2019,
	title = {Guidance for decisions using the Vector Autoregressive Spatio-Temporal (VAST) package in stock, ecosystem, habitat and climate assessments},
	author = {{Thorson}, {James T.}},
	year = {2019},
	month = {02},
	date = {2019-02},
	journal = {Fisheries Research},
	pages = {143--161},
	volume = {210},
	doi = {10.1016/j.fishres.2018.10.013},
	url = {https://linkinghub.elsevier.com/retrieve/pii/S0165783618302820},
	langid = {en}
}

@article{breivik2021,
	title = {Predicting abundance indices in areas without coverage with a latent spatio-temporal Gaussian model},
	author = {{Breivik}, {Olav Nikolai} and {Aanes}, {Fredrik} and {Søvik}, {Guldborg} and {Aglen}, {Asgeir} and {Mehl}, {Sigbjørn} and {Johnsen}, {Espen}},
	editor = {{Kotwicki}, {Stan}},
	year = {2021},
	month = {06},
	date = {2021-06-14},
	journal = {ICES Journal of Marine Science},
	pages = {fsab073},
	doi = {10.1093/icesjms/fsab073},
	url = {https://academic.oup.com/icesjms/advance-article/doi/10.1093/icesjms/fsab073/6298533},
	langid = {en}
}

@article{monnahan2021,
	title = {Incorporating vertical distribution in index standardization accounts for spatiotemporal availability to acoustic and bottom trawl gear for semi-pelagic species},
	author = {{Monnahan}, {Cole C} and {Thorson}, {James T} and {Kotwicki}, {Stan} and {Lauffenburger}, {Nathan} and {Ianelli}, {James N} and {Punt}, {Andre E}},
	editor = {{Godo}, {Olav Rune}},
	year = {2021},
	month = {05},
	date = {2021-05-19},
	journal = {ICES Journal of Marine Science},
	pages = {fsab085},
	doi = {10.1093/icesjms/fsab085},
	url = {https://academic.oup.com/icesjms/advance-article/doi/10.1093/icesjms/fsab085/6278035},
	langid = {en}
}

@article{shelton2014,
	title = {Spatial semiparametric models improve estimates of species abundance and distribution},
	author = {{Shelton}, {Andrew Olaf} and {Thorson}, {James T.} and {Ward}, {Eric J.} and {Feist}, {Blake E.}},
	year = {2014},
	date = {2014},
	journal = {Canadian Journal of Fisheries and Aquatic Sciences},
	volume = {71},
	number = {11},
	doi = {10.1139/cjfas-2013-0508},
	note = {Citation Key: shelton2014
tex.date-added= 2014-09-05 21:40:57 +0000
tex.date-modified= 2014-09-05 21:41:28 +0000}
}


@article{bachl2019,
  title = {Inlabru: An {{R}} Package for {{Bayesian}} Spatial Modelling from Ecological Survey Data},
  author = {Bachl, Fabian E. and Lindgren, Finn and Borchers, David L. and Illian, Janine B.},
  year = {2019},
  journal = {Methods Ecol. Evol.},
  volume = {10},
  number = {6},
  pages = {760--766},
  doi = {10.1111/2041-210X.13168},
  langid = {english},
  annotation = {\_eprint: https://onlinelibrary.wiley.com/doi/pdf/10.1111/2041-210X.13168}
}

@article{banerjee2008,
  title = {Gaussian Predictive Process Models for Large Spatial Data Sets},
  author = {Banerjee, Sudipto and Gelfand, Alan E. and Finley, Andrew O. and Sang, Huiyan},
  year = {2008},
  journal = {J. R. Stat. Soc. Ser. B Stat. Methodol.},
  volume = {70},
  number = {4},
  pages = {825--848}
}

@book{chiles1999,
  title = {Geostatistics: Modeling Spatial Uncertainty},
  author = {Chil{\'e}s, Jean-Paul and Delfiner, Pierre},
  year = {1999},
  publisher = {{John Wiley \& Sons}},
  address = {{Chichester}}
}

@book{cressie1993,
  title = {Statistics for Spatial Data},
  author = {Cressie, Noel},
  year = {1993},
  publisher = {{John Wiley \& Sons}}
}

@book{cressie2011,
  title = {Statistics for Spatio-Temporal Data},
  author = {Cressie, Noel A. C. and Wikle, Christopher K.},
  year = {2011},
  series = {Wiley Series in Probability and Statistics},
  publisher = {{Wiley}},
  address = {{Hoboken, N.J}},
  isbn = {978-0-471-69274-4},
  lccn = {QA278.2 .C754 2011}
}

@article{datta2016,
  title = {Hierarchical Nearest-Neighbor {{Gaussian}} Process Models for Large Geostatistical Datasets},
  author = {Datta, Abhirup and Banerjee, Sudipto and Finley, Andrew O. and Gelfand, Alan E.},
  year = {2016},
  journal = {J. Am. Stat. Assoc.},
  volume = {111},
  number = {514},
  pages = {800--812},
  publisher = {{Taylor \& Francis}},
  doi = {10.1080/01621459.2015.1044091},
  annotation = {\_eprint: https://doi.org/10.1080/01621459.2015.1044091}
}

@book{diggle1998,
  title = {Model-Based Geostatistics},
  author = {Diggle, Peter J and Ribeiro, P J},
  year = {1998},
  publisher = {{Springer}},
  address = {{New York}}
}

@article{diniz-filho2003,
  title = {Spatial Autocorrelation and Red Herrings in Geographical Ecology},
  author = {{Diniz-Filho}, Jos{\'e} Alexandre Felizola and Bini, Luis Mauricio and Hawkins, Bradford A.},
  year = {2003},
  journal = {Glob. Ecol. Biogeogr.},
  volume = {12},
  number = {1},
  pages = {53--64},
  doi = {10.1046/j.1466-822X.2003.00322.x},
  langid = {english},
  annotation = {\_eprint: https://onlinelibrary.wiley.com/doi/pdf/10.1046/j.1466-822X.2003.00322.x}
}

@article{finley2007,
  title = {{{spBayes}}: An {{R Package}} for {{Univariate}} and {{Multivariate Hierarchical Point}}-Referenced {{Spatial Models}}},
  author = {Finley, Andrew O. and Banerjee, Sudipto and Carlin, Bradley P.},
  year = {2007},
  journal = {J. Stat. Soft.},
  volume = {19},
  number = {4},
  doi = {10.18637/jss.v019.i04},
  langid = {english}
}

@article{finley2015,
  title = {{{spBayes}}: An {{R}} Package for Univariate and Multivariate Hierarchical Point-Referenced Spatial Models},
  author = {Finley, Andrew O. and Banerjee, Sudipto and E.Gelfand, Alan},
  year = {2015},
  journal = {J. Stat. Soft.},
  volume = {63},
  number = {13},
  doi = {10.18637/jss.v063.i13},
  langid = {english}
}

@article{finley2021,
  title = {{{spNNGP R}} Package for {{Nearest Neighbor Gaussian Process}} Models},
  author = {Finley, Andrew O. and Datta, Abhirup and Banerjee, Sudipto},
  year = {2021},
  journal = {ArXiv200109111 Stat},
  eprint = {2001.09111},
  eprinttype = {arxiv},
  primaryclass = {stat},
  archiveprefix = {arXiv}
}

@article{fuglstad2015,
  title = {Constructing Priors That Penalize the Complexity of {{Gaussian}} Random Fields},
  author = {Fuglstad, Geir-Arne and Simpson, Daniel and Lindgren, Finn and Rue, H{\aa}vard},
  year = {2015},
  journal = {ArXiv150300256 Stat},
  eprint = {1503.00256},
  eprinttype = {arxiv},
  primaryclass = {stat},
  archiveprefix = {arXiv}
}

@article{JSSv063i13,
  title = {{{spBayes}} for Large Univariate and Multivariate Point-Referenced Spatio-Temporal Data Models},
  author = {Finley, Andrew O. and Banerjee, Sudipto and Gelfand, Alan E.},
  year = {2015},
  journal = {J. Stat. Softw.},
  volume = {63},
  number = {13},
  pages = {1--28},
  doi = {10.18637/jss.v063.i13}
}

@article{latimer2009,
  title = {Hierarchical models facilitate spatial analysis of large data sets: a case study on invasive plant species in the northeastern {United States}},
  author = {Latimer, A. M. and Banerjee, S. and Sang Jr, H. and Mosher, E. S. and Silander Jr, J. A.},
  year = {2009},
  journal = {Ecol. Lett.},
  volume = {12},
  number = {2},
  pages = {144-154},
  doi = {10.1111/j.1461-0248.2008.01270.x},
  keywords = {bayesian,bibdesk,spatiotemporal}
}

@article{legendre1989a,
  title = {Spatial Pattern and Ecological Analysis},
  author = {Legendre, Pierre and Fortin, Marie Jos{\'e}e},
  year = {1989},
  journal = {Vegetatio},
  volume = {80},
  number = {2},
  pages = {107--138},
  doi = {10.1007/BF00048036},
  langid = {english}
}

@article{lennon2000,
  title = {Red-Shifts and Red Herrings in Geographical Ecology},
  author = {Lennon, Jack J.},
  year = {2000},
  journal = {Ecography},
  volume = {23},
  number = {1},
  pages = {101--113},
  doi = {10.1111/j.1600-0587.2000.tb00265.x},
  langid = {english},
  annotation = {\_eprint: https://onlinelibrary.wiley.com/doi/pdf/10.1111/j.1600-0587.2000.tb00265.x}
}

@article{lindgren2011,
  title = {An Explicit Link between {{Gaussian}} Fields and {{Gaussian Markov}} Random Fields: The Stochastic Partial Differential Equation Approach},
  author = {Lindgren, Finn and Rue, H{\aa}vard and Lindstr{\"o}m, Johan},
  year = {2011},
  journal = {J. R. Stat. Soc. Ser. B Stat. Methodol.},
  volume = {73},
  number = {4},
  pages = {423--498},
  doi = {10.1111/j.1467-9868.2011.00777.x},
  copyright = {\textcopyright{} 2011 Royal Statistical Society},
  langid = {english},
  keywords = {_tablet}
}

@article{millard1985,
  title = {Space\textendash{{Time Correlation}} and {{Its Effects}} on {{Methods}} for {{Detecting Aquatic Ecological Change}}},
  author = {Millard, Steven P. and Yearsley, John R. and Lettenmaier, Dennis P.},
  year = {1985},
  journal = {Can. J. Fish. Aquat. Sci.},
  volume = {42},
  number = {8},
  pages = {1391--1400},
  publisher = {{NRC Research Press}},
  doi = {10.1139/f85-174}
}

@article{osgood-zimmerman2021,
  title = {A Statistical Introduction to {{Template Model Builder}}: A Flexible Tool for Spatial Modeling},
  author = {{Osgood-Zimmerman}, Aaron and Wakefield, Jon},
  year = {2021},
  journal = {ArXiv210309929 Stat},
  eprint = {2103.09929},
  eprinttype = {arxiv},
  primaryclass = {stat},
  archiveprefix = {arXiv}
}

@article{rousset2014,
  title = {Testing Environmental and Genetic Effects in the Presence of Spatial Autocorrelation},
  author = {Rousset, Fran{\c c}ois and Ferdy, Jean-Baptiste},
  year = {2014},
  journal = {Ecography},
  volume = {37},
  number = {8},
  pages = {781--790},
  doi = {10.1111/ecog.00566},
  langid = {english}
}

@book{rue2005,
  title = {Gaussian {{Markov}} Random Fields: Theory and Applications},
  author = {Rue, Havard and Held, Leonhard},
  year = {2005},
  publisher = {{CRC press}}
}

@article{skellam1952,
  title = {Studies in {{Statistical Ecology}}: I. {{Spatial Pattern}}},
  author = {Skellam, J. G.},
  year = {1952},
  journal = {Biometrika},
  volume = {39},
  number = {3/4},
  pages = {346--362},
  publisher = {{[Oxford University Press, Biometrika Trust]}},
  doi = {10.2307/2334030}
}



@article{barnett2021,
  title = {Improving Estimates of Species Distribution Change by Incorporating Local Trends},
  author = {Barnett, Lewis A. K. and Ward, Eric J. and Anderson, Sean C.},
  year = {2021},
  journal = {Ecography},
  volume = {44},
  number = {3},
  pages = {427--439},
  doi = {10.1111/ecog.05176},
  copyright = {\textcopyright{} 2020 The Authors. Ecography published by John Wiley \& Sons Ltd on behalf of Nordic Society Oikos},
  langid = {english},
  annotation = {\_eprint: https://onlinelibrary.wiley.com/doi/pdf/10.1111/ecog.05176}
}




@article{heaton2017,
  title = {A Case Study Competition among Methods for Analyzing Large Spatial Data},
  author = {Heaton, Matthew J. and Datta, Abhirup and Finley, Andrew and Furrer, Reinhard and Guhaniyogi, Rajarshi and Gerber, Florian and Gramacy, Robert B. and Hammerling, Dorit and Katzfuss, Matthias and Lindgren, Finn and Nychka, Douglas W. and Sun, Furong and {Zammit-Mangion}, Andrew},
  year = {2017},
  journal = {arXiv:1710.05013 [stat]},
  eprint = {1710.05013},
  eprinttype = {arxiv},
  primaryclass = {stat},
  archiveprefix = {arXiv}
}




@article{kristensen2016,
  title = {{{TMB}}: Automatic Differentiation and {{Laplace}} Approximation},
  author = {Kristensen, Kasper and Nielsen, Anders and Berg, Casper W. and Skaug, Hans and Bell, Bradley M.},
  year = {2016},
  journal = {Journal of Statistical Software},
  volume = {70},
  number = {5},
  pages = {1--21},
  doi = {10.18637/jss.v070.i05}
}



@article{rue2009,
  title = {Approximate {{Bayesian}} Inference for Latent {{Gaussian}} Models by Using Integrated Nested {{Laplace}} Approximations},
  author = {Rue, H{\aa}vard and Martino, Sara and Chopin, Nicolas},
  year = {2009},
  journal = {Journal of the Royal Statistical Society: Series B (Statistical Methodology)},
  volume = {71},
  number = {2},
  pages = {319--392},
  doi = {10.1111/j.1467-9868.2008.00700.x},
  keywords = {Approximate Bayesian inference,Gaussian Markov random fields,Generalized additive mixed models,Laplace approximation,Parallel computing,Sparse matrices,Structured additive regression models}
}




@article{thorson2019,
  title = {Guidance for Decisions Using the {{Vector Autoregressive Spatio}}-{{Temporal}} ({{VAST}}) Package in Stock, Ecosystem, Habitat and Climate Assessments},
  author = {Thorson, James T.},
  year = {2019},
  journal = {Fisheries Research},
  volume = {210},
  pages = {143--161},
  doi = {10.1016/j.fishres.2018.10.013},
  langid = {english}
}




@article{bates2015,
  title = {Fitting Linear Mixed-Effects Models Using Lme4},
  author = {Bates, Douglas and M{\"a}chler, Martin and Bolker, Ben and Walker, Steve},
  year = {2015},
  journal = {Journal of Statistical Software},
  volume = {67},
  number = {1},
  pages = {1--48},
  doi = {10.18637/jss.v067.i01}
}




@article{brooks2017,
  title = {{{glmmTMB}} Balances Speed and Flexibility among Packages for Zero-Inflated Generalized Linear Mixed Modeling},
  author = {Brooks, Mollie E. and Kristensen, Kasper and {van Benthem}, Koen J. and Magnusson, Arni and Berg, Casper W. and Nielsen, Anders and Skaug, Hans J. and Maechler, Martin and Bolker, Benjamin M.},
  year = {2017},
  journal = {The R Journal},
  volume = {9},
  number = {2},
  pages = {378--400}
}




@book{wood2017a,
  title = {Generalized Additive Models: An Introduction with {{R}}},
  author = {Wood, S.N},
  year = {2017},
  edition = {Second},
  publisher = {{Chapman and Hall/CRC}}
}

@article{liaw2002,
    title = {Classification and Regression by randomForest},
    author = {Andy Liaw and Matthew Wiener},
    journal = {R News},
    year = {2002},
    volume = {2},
    number = {3},
    pages = {18-22},
    url = {https://CRAN.R-project.org/doc/Rnews/},
  }

  @article{wood2004,
    title = {Stable and efficient multiple smoothing parameter estimation for
         generalized additive models},
    journal = {Journal of the American Statistical Association},
    volume = {99},
    number = {467},
    pages = {673-686},
    year = {2004},
    author = {S. N. Wood},
  }

@article{phillips2006,
title = {Maximum entropy modeling of species geographic distributions},
journal = {Ecological Modelling},
volume = {190},
number = {3},
pages = {231-259},
year = {2006},
issn = {0304-3800},
doi = {https://doi.org/10.1016/j.ecolmodel.2005.03.026},
url = {https://www.sciencedirect.com/science/article/pii/S030438000500267X},
author = {Steven J. Phillips and Robert P. Anderson and Robert E. Schapire},
keywords = {Maximum entropy, Distribution, Modeling, Niche, Range},
}
  
@article{barrowman2000,
  title = {Still more spawner-recruitment curves: the hockey stick and its generalizations},
  author = {Barrowman, N. and Myers, Ransom A.},
  year = {2000},
  journal = {Canadian Journal of Fisheries and Aquatic Sciences},
  volume = {57},
  pages = {665-676},
  keywords = {bibdesk}
}


@article{akaike1974,
  added-at = {2012-04-11T20:11:58.000+0200},
  author = {Akaike, H.},
  biburl = {https://www.bibsonomy.org/bibtex/29363085c55faa7f810272e728a7f4935/jabreftest},
  groups = {public},
  interhash = {1e2509091dcc7474052e2ffdb5bbb51f},
  intrahash = {9363085c55faa7f810272e728a7f4935},
  journal = {IEEE Transactions on Automatic Control},
  keywords = {},
  number = 6,
  pages = {716--723},
  timestamp = {2012-04-11T20:11:58.000+0200},
  title = {A new look at the statistical model identification},
  username = {jabreftest},
  volume = 19,
  year = 1974
}

@article{liang2008,
    author = {Liang, Hua and Wu, Hulin and Zou, Guohua},
    title = "{A note on conditional {{a}}{{i}}{{c}} for linear mixed-effects models}",
    journal = {Biometrika},
    volume = {95},
    number = {3},
    pages = {773-778},
    year = {2008},
    month = {08},
    issn = {0006-3444},
    doi = {10.1093/biomet/asn023},
    url = {https://doi.org/10.1093/biomet/asn023},
    eprint = {https://academic.oup.com/biomet/article-pdf/95/3/773/576971/asn023.pdf},
}
